1. Supervised learning: https://books.google.lt/books?hl=en&lr=&id=vLiTXDHr_sYC&oi=fnd&pg=PA3&dq=classification+of+supervised+learning&ots=CYovBy2Ejm&sig=PQwr6KIgN31yPEobIpviR3x2yw0&redir_esc=y#v=onepage&q=classification%20of%20supervised%20learning&f=false


@Book{BIB1,
  author = 	 {Yoav Goldberg},
  title = 	 {Neural Network Methods for Natural Language Processing},
  year = 2017,
  howpublished = {Morgan & Claypool},
  note={\newline \url{https://www.morganclaypool.com/doi/abs/10.2200/S00762ED1V01Y201703HLT037}}
  }
  
@Inproceedings{BIB2,
  title={Why inverse document frequency?},
  author={Papineni, Kishore},
  booktitle={Proceedings of the second meeting of the North American Chapter of the Association for Computational Linguistics on Language technologies},
  pages={1--8},
  year={2001},
  organization={Association for Computational Linguistics}
}
  
@Book{BIB3,
  author = 	 {Foster Provost, Tom Fawcett},
  title = 	 {Data Science for Business},
  year = 2013,
  howpublished = {O'Reilly Media, INC., 1005 Gravenstein Highway North, Sebastopol, CA 95472},
  note={\newline \url{http://shop.oreilly.com/product/0636920028918.do}}
  }
 
@Inproceedings{BIB4,
  title={An empirical study of the naive Bayes classifier},
  author={Rish, Irina and others},
  booktitle={IJCAI 2001 workshop on empirical methods in artificial intelligence},
  volume={3},
  number={22},
  pages={41--46},
  year={2001},
  organization={IBM New York},
  note={\newline \url{https://www.cc.gatech.edu/~isbell/reading/papers/Rish.pdf}}
}

@Inproceedings{BIB5,
  title={Statistical decision-tree models for parsing},
  author={Magerman, David M},
  booktitle={Proceedings of the 33rd annual meeting on Association for Computational Linguistics},
  pages={276--283},
  year={1995},
  organization={Association for Computational Linguistics},
  note={\newline \url{http://www.aclweb.org/anthology/P95-1037}}
}
    
@Unpublished{BIB6,
    author = 	 {David Lane },
    title = 	 {Introduction to Linear Regression},
    note = 	 {\newline \url{http://onlinestatbook.com/2/regression/intro.html}}
    }

@Book{BIB7,
  title={The elements of statistical learning},
  author={Friedman, Jerome and Hastie, Trevor and Tibshirani, Robert},
  volume={1},
  number={10},
  year={2001},
  publisher={Springer series in statistics New York, NY, USA:},
  note={\newline \url{https://web.stanford.edu/~hastie/ElemStatLearn/printings/ESLII_print12.pdf}}
}

@Book{BIB8,
  title={Data science from scratch: first principles with python},
  author={Grus, Joel},
  year={2015},
  publisher={" O'Reilly Media, Inc."},
  note={\newline \url{http://shop.oreilly.com/product/0636920033400.do}}
}
 
@Article{BIB9,
  title={Mean shift, mode seeking, and clustering},
  author={Cheng, Yizong},
  journal={IEEE transactions on pattern analysis and machine intelligence},
  volume={17},
  number={8},
  pages={790--799},
  year={1995},
  publisher={IEEE},
  note={\newline \url{http://home.ku.edu.tr/mehyilmaz/public_html/mean-shift/00400568.pdf}}
}

@Inproceedings{BIB10,
  title={Agglomerative hierarchical clustering with constraints: Theoretical and empirical results},
  author={Davidson, Ian and Ravi, SS},
  booktitle={European Conference on Principles of Data Mining and Knowledge Discovery},
  pages={59--70},
  year={2005},
  organization={Springer},
  note={\newline \url{http://citeseerx.ist.psu.edu/viewdoc/download?doi=10.1.1.439.1543&rep=rep1&type=pdf}}
}
    
@article{BIB11,
  title={Comparison of basic clustering algorithms},
  author={Sonagara, Darshan and Badheka, Soham},
  journal={Int. J. Comput. Sci. Mob. Comput},
  volume={3},
  number={10},
  pages={58--61},
  year={2014},
  note={\newline \url{http://citeseerx.ist.psu.edu/viewdoc/download?doi=10.1.1.439.1543&rep=rep1&type=pdf}}
}

@Book{BIB12,
    author = 	 {Pang-Ning Tan and Michael Steinbach and Anuj Karpatne and Vipin Kumar},
    title = 	 {Introduction to Data Mining. Second Edition},
    year = 2018,
    isbn={9780133128901},
    publisher = {Pearson Education (US)},
    note = 	 {\newline \url{https://www-users.cs.umn.edu/~kumar001/dmbook/index.php}}
    }
    
@TechReport{BIB13,
    author = 	 {Laurens van der Maaten and Eric Postma and Jaap van den Herik},
    title = 	 {Dimensionality Reduction: A Comparative Review},
    year = 2009,
    institution = {TiCC, Tilburg University},
    number={TR 2009â€“005},
    address={Tilburg centre for Creative Computing},
    note = 	 {\newline \url{http://www.math.chalmers.se/Stat/Grundutb/GU/MSA220/S18/DimRed2.pdf}}
    }
    
@Article{BIB14,
  title={Principal component analysis},
  author={Wold, Svante and Esbensen, Kim and Geladi, Paul},
  journal={Chemometrics and intelligent laboratory systems},
  volume={2},
  number={1-3},
  pages={37--52},
  year={1987},
  publisher={Elsevier},
  note={\newline \url{http://files.isec.pt/DOCUMENTOS/SERVICOS/BIBLIO/Documentos%20de%20acesso%20remoto/Principal%20components%20analysis.pdf}}
}

@inproceedings{BIB15,
  title={Two-dimensional linear discriminant analysis},
  author={Ye, Jieping and Janardan, Ravi and Li, Qi},
  booktitle={Advances in neural information processing systems},
  pages={1569--1576},
  year={2005},
  note={\newline \url{http://papers.nips.cc/paper/2547-two-dimensional-linear-discriminant-analysis.pdf}}
}

@Misc{BIB16,
    note={\newline \url{https://www.saedsayad.com/logistic_regression.htm}}
}

@Misc{BIB17,
    note={\newline \url{http://onlinestatbook.com/2/regression/intro.html}}
}